Date,Revenue
2022-12-31 01:13:18.311955,1906
2023-03-31 01:13:18.311955,2183
2023-06-30 01:13:18.311955,4492
2023-09-30 01:13:18.311955,1182
2023-12-31 01:13:18.311955,3929
2024-03-31 01:13:18.311955,4915
2024-06-30 01:13:18.311955,4322
2024-09-30 01:13:18.311955,2074
2024-12-31 01:13:18.311955,3978
2025-03-31 01:13:18.311955,4463
