Date,Revenue
2022-12-31 01:13:18.309816,14943
2023-03-31 01:13:18.309816,14102
2023-06-30 01:13:18.309816,15436
2023-09-30 01:13:18.309816,16134
2023-12-31 01:13:18.309816,16369
2024-03-31 01:13:18.309816,19204
2024-06-30 01:13:18.309816,11241
2024-09-30 01:13:18.309816,17668
2024-12-31 01:13:18.309816,13474
2025-03-31 01:13:18.309816,15333
